@inproceedings{mistry2001materialized,
title={Materialized view selection and maintenance using multi-query optimization},
author={Mistry, Hoshi and Roy, Prasan and Sudarshan, S and Ramamritham, Krithi},
booktitle={ACM SIGMOD Record},
volume={30},
number={2},
pages={307--318},
year={2001},
organization={ACM}
}
@inproceedings{Codd1974RecentII,
title={Recent Investigations in Relational Data Base Systems},
author={E. F. Codd},
booktitle={IFIP Congress},
year={1974}
}
@book{fielding2000architectural,
title={Architectural styles and the design of network-based software architectures},
author={Fielding, Roy T and Taylor, Richard N},
volume={7},
year={2000},
publisher={University of California, Irvine Irvine, USA}
}
@book{Sky株式会社201212,
title={MongoDBイン・アクション},
author={Kyle Banker},
publisher={オライリージャパン},
year={2012},
isbn={9784873115900},
url={http://amazon.co.jp/o/ASIN/4873115906/},
totalpages={380},
timestamp={2019.01.17},
edition={第1版},
}
@book{渡部201602,
title={RDB技術者のためのNoSQLガイド},
author={渡部 徹太郎 and 河村 康爾 and 北沢 匠 and 佐伯 嘉康 and 佐藤 直生 and 原沢 滋 and 平山 毅 and 李昌桓},
publisher={秀和システム},
year={2016},
isbn={9784798045733},
url={http://amazon.co.jp/o/ASIN/479804573X/},
totalpages={568},
timestamp={2019.01.17},
edition={第1版},
}
@book{太田201204,
title={NOSQLの基礎知識 (ビッグデータを活かすデータベース技術)},
author={本橋信也 and 河野達也 and 鶴見利章},
publisher={リックテレコム},
year={2012},
isbn={9784897978871},
url={http://amazon.co.jp/o/ASIN/4897978874/},
totalpages={256},
timestamp={2019.01.17},
edition={第1版}
}
@misc{mongodb,
title={What Is MongoDB?},
author={MongoDB},
howpublished={https://www.mongodb.com/what-is-mongodb},
note={(参照 2019-01-09)}
}
@misc{mongoose,
title={Mongoose ODM v5.4.4},
author={Valeri Karpov},
howpublished={https://mongoosejs.com/},
note={(参照 2019-01-09)}
}
@misc{faker,
title={Welcome to Faker's documentation!¶},
author={Flavio Curella},
howpublished={https://faker.readthedocs.io/en/master/},
note={(参照 2019-01-09)}
}
